% Bibliography file for Chapter 3: Methodology
% Add methodology and materials references here

@misc{example_methodology_ref,
  title={Example Methodology Reference},
  author={Author, Name},
  year={2024},
  note={Replace with actual references}
}
