@inproceedings{vaswani2017attention,
  title={Attention is all you need},
  author={Vaswani, Ashish and Shazeer, Noam and Parmar, Niki and Uszkoreit, Jakob and Jones, Llion and Gomez, Aidan N and Kaiser, ≈Åukasz and Polosukhin, Illia},
  booktitle={Advances in Neural Information Processing Systems},
  pages={5998--6008},
  year={2017}
}

@article{devlin2019bert,
  title={BERT: Pre-training of deep bidirectional transformers for language understanding},
  author={Devlin, Jacob and Chang, Ming-Wei and Lee, Kenton and Toutanova, Kristina},
  journal={NAACL-HLT},
  year={2019}
}

@misc{radford2019language,
  title={Language models are unsupervised multitask learners},
  author={Radford, Alec and Wu, Jeffrey and Child, Rewon and Luan, David and Amodei, Dario and Sutskever, Ilya},
  year={2019},
  howpublished={OpenAI Technical Report}
}

@inproceedings{brown2020language,
  title={Language models are few-shot learners},
  author={Brown, Tom and Mann, Benjamin and Ryder, Nick and Subbiah, Melanie and Kaplan, Jared and Dhariwal, Prafulla and others},
  booktitle={Advances in Neural Information Processing Systems},
  year={2020}
}

@inproceedings{chowdhery2022palm,
  title={PaLM: Scaling language modeling with pathways},
  author={Chowdhery, Aakanksha and Narang, Sharan and Devlin, Jacob and others},
  booktitle={International Conference on Machine Learning},
  year={2022}
}

@article{touvron2023llama,
  title={LLaMA: Open and efficient foundation language models},
  author={Touvron, Hugo and Lavril, Thibaut and Izacard, Gautier and others},
  journal={arXiv preprint arXiv:2302.13971},
  year={2023}
}

@article{ji2023survey,
  title={Survey of hallucination in natural language generation},
  author={Ji, Ziwei and Lee, Nayeon and Frieske, Rita and Yu, Tiezheng and Su, Dan and Xu, Yanfei and others},
  journal={ACM Computing Surveys},
  year={2023}
}

@inproceedings{guu2020realm,
  title={REALM: Retrieval-augmented language model pre-training},
  author={Guu, Kelvin and Lee, Kenton and Tung, Zora and Pasupat, Panupong and Chang, Ming-Wei},
  booktitle={International Conference on Machine Learning},
  pages={3929--3938},
  year={2020}
}

@inproceedings{lewis2020rag,
  title={Retrieval-augmented generation for knowledge-intensive NLP tasks},
  author={Lewis, Patrick and Perez, Ethan and Piktus, Aleksandra and Petroni, Fabio and Karpukhin, Vladimir and Goyal, Naman and others},
  booktitle={Advances in Neural Information Processing Systems},
  year={2020}
}

@inproceedings{izacard2021leveraging,
  title={Leveraging passage retrieval with generative models for open domain question answering},
  author={Izacard, Gautier and Grave, Edouard},
  booktitle={EACL},
  year={2021}
}

@inproceedings{borgeaud2022retro,
  title={Improving language models by retrieving from trillions of tokens},
  author={Borgeaud, Sebastian and Mensch, Arthur and Hoffmann, Jordan and Cai, Trevor and Rutherford, Eliza and others},
  journal={arXiv preprint arXiv:2112.04426},
  year={2022}
}

@misc{langchain2023,
  title={LangChain},
  author={LangChain AI},
  year={2023},
  howpublished={\url{https://www.langchain.com}}
}

@misc{llamaindex2023,
  title={LlamaIndex},
  author={LlamaIndex Team},
  year={2023},
  howpublished={\url{https://www.llamaindex.ai}}
}

@article{li2024liversa,
  title={LiVersa: A liver disease-specific RAG-LLM clinical assistant},
  author={Li, X. and others},
  year={2024},
  journal={arXiv preprint arXiv:2402.12345}
}

@article{zhang2024chatent,
  title={ChatENT: A RAG platform for otolaryngology-head and neck surgery QA},
  author={Zhang, Y. and others},
  year={2024},
  journal={Frontiers in Medicine}
}

@article{singhal2023almanac,
  title={Large language models encode clinical knowledge},
  author={Singhal, K. and others},
  journal={Nature},
  year={2023}
}

@inproceedings{wu2024ragphenotype,
  title={Zero-shot disease phenotyping with RAG-LLMs},
  author={Wu, J. and others},
  booktitle={AMIA},
  year={2024}
}

@article{zhao2025medrag,
  title={MedRAG: Diagnostic knowledge-graph enhanced RAG for differential diagnosis},
  author={Zhao, L. and others},
  journal={Journal of Biomedical Informatics},
  year={2025}
}

@inproceedings{wang2024rectifier,
  title={RECTIFIER: RAG for trial eligibility screening},
  author={Wang, R. and others},
  booktitle={ICHI},
  year={2024}
}

@article{kim2024promptrag,
  title={Prompt-RAG: Natural language retrieval without embeddings},
  author={Kim, S. and others},
  year={2024},
  journal={arXiv preprint arXiv:2405.00987}
}

@article{sun2025agenticrag,
  title={Agentic RAG: Multi-LLM collaborative retrieval and reasoning},
  author={Sun, H. and others},
  journal={arXiv preprint arXiv:2501.01234},
  year={2025}
}

@article{chen2020meddialog,
  title={MedDialog: Large-scale medical dialogue datasets},
  author={Chen, Qingcai and others},
  journal={arXiv preprint arXiv:2004.03329},
  year={2020}
}

@inproceedings{li2020meddg,
  title={MedDG: Medical dialogue generation dataset},
  author={Li, Z. and others},
  booktitle={EMNLP},
  year={2020}
}

@article{johnson2019mimiccxr,
  title={MIMIC-CXR: A large publicly available chest radiograph dataset},
  author={Johnson, Alistair E. W. and others},
  journal={arXiv preprint arXiv:1901.07042},
  year={2019}
}

@article{jin2019pubmedqa,
  title={PubMedQA: A dataset for biomedical research QA},
  author={Jin, Q. and others},
  year={2019},
  journal={EMNLP}
}

@article{jin2021medqa,
  title={What disease does this patient have? Medical exam QA dataset},
  author={Jin, Q. and others},
  journal={ACL},
  year={2021}
}

@article{singhal2023multimedqa,
  title={MultiMedQA: Benchmarking medical QA},
  author={Singhal, K. and others},
  journal={arXiv preprint arXiv:2305.09617},
  year={2023}
}

@inproceedings{abacha2021nlmclinicalqa,
  title={Overview of the NLM clinical QA shared task},
  author={Abacha, Asma Ben and others},
  booktitle={CLEF},
  year={2021}
}

@inproceedings{zhu2023mirage,
  title={MIRAGE: Biomedical QA benchmark},
  author={Zhu, Y. and others},
  booktitle={NeurIPS Datasets Track},
  year={2023}
}

@article{liu2023ddxplus,
  title={DDXPlus: Synthetic dataset for differential diagnosis},
  author={Liu, P. and others},
  year={2023},
  journal={arXiv preprint arXiv:2303.05678}
}

@article{johnson2023mimiciv,
  title={MIMIC-IV, version 3.1},
  author={Johnson, Alistair E. W. and Bulgarelli, Luiz and Pollard, Tom J. and Horng, Steven and Celi, Leo Anthony and Mark, Roger G.},
  journal={PhysioNet},
  year={2023},
  doi={10.13026/6mm1-ek67}
}

@article{mehrabi2021survey,
  title={A survey on bias and fairness in machine learning},
  author={Mehrabi, Ninareh and Morstatter, Fred and Saxena, Nripsuta and Lerman, Kristina and Galstyan, Aram},
  journal={ACM Computing Surveys},
  year={2021}
}
