% Bibliography file for Chapter 5: Conclusions
% Add conclusions and future work references here

@misc{example_conclusions_ref,
  title={Example Conclusions Reference},
  author={Author, Name},
  year={2024},
  note={Replace with actual conclusions and future work references}
}
