@inproceedings{vaswani2017attention,
  title={Attention is all you need},
  author={Vaswani, Ashish and Shazeer, Noam and Parmar, Niki and Uszkoreit, Jakob and Jones, Llion and Gomez, Aidan N and Kaiser, ≈Åukasz and Polosukhin, Illia},
  booktitle={Advances in Neural Information Processing Systems},
  pages={5998--6008},
  year={2017}
}

@article{devlin2019bert,
  title={BERT: Pre-training of deep bidirectional transformers for language understanding},
  author={Devlin, Jacob and Chang, Ming-Wei and Lee, Kenton and Toutanova, Kristina},
  journal={NAACL-HLT},
  year={2019}
}

@misc{radford2019language,
  title={Language models are unsupervised multitask learners},
  author={Radford, Alec and Wu, Jeffrey and Child, Rewon and Luan, David and Amodei, Dario and Sutskever, Ilya},
  year={2019},
  howpublished={OpenAI Technical Report}
}

@inproceedings{brown2020language,
  title={Language models are few-shot learners},
  author={Brown, Tom and Mann, Benjamin and Ryder, Nick and Subbiah, Melanie and Kaplan, Jared and Dhariwal, Prafulla and others},
  booktitle={Advances in Neural Information Processing Systems},
  year={2020}
}

@inproceedings{chowdhery2022palm,
  title={PaLM: Scaling language modeling with pathways},
  author={Chowdhery, Aakanksha and Narang, Sharan and Devlin, Jacob and others},
  booktitle={International Conference on Machine Learning},
  year={2022}
}

@article{touvron2023llama,
  title={LLaMA: Open and efficient foundation language models},
  author={Touvron, Hugo and Lavril, Thibaut and Izacard, Gautier and others},
  journal={arXiv preprint arXiv:2302.13971},
  year={2023}
}

@article{ji2023survey,
  title={Survey of hallucination in natural language generation},
  author={Ji, Ziwei and Lee, Nayeon and Frieske, Rita and Yu, Tiezheng and Su, Dan and Xu, Yanfei and others},
  journal={ACM Computing Surveys},
  year={2023}
}

@inproceedings{guu2020realm,
  title={REALM: Retrieval-augmented language model pre-training},
  author={Guu, Kelvin and Lee, Kenton and Tung, Zora and Pasupat, Panupong and Chang, Ming-Wei},
  booktitle={International Conference on Machine Learning},
  pages={3929--3938},
  year={2020}
}

@inproceedings{lewis2020rag,
  title={Retrieval-augmented generation for knowledge-intensive NLP tasks},
  author={Lewis, Patrick and Perez, Ethan and Piktus, Aleksandra and Petroni, Fabio and Karpukhin, Vladimir and Goyal, Naman and others},
  booktitle={Advances in Neural Information Processing Systems},
  year={2020}
}

@inproceedings{izacard2021leveraging,
  title={Leveraging passage retrieval with generative models for open domain question answering},
  author={Izacard, Gautier and Grave, Edouard},
  booktitle={EACL},
  year={2021}
}

@inproceedings{borgeaud2022retro,
  title={Improving language models by retrieving from trillions of tokens},
  author={Borgeaud, Sebastian and Mensch, Arthur and Hoffmann, Jordan and Cai, Trevor and Rutherford, Eliza and others},
  journal={arXiv preprint arXiv:2112.04426},
  year={2022}
}

@misc{langchain2023,
  title={LangChain},
  author={LangChainAI},
  year={2023},
  howpublished={\url{https://www.langchain.com}}
}

@misc{llamaindex2023,
  title={LlamaIndex},
  author={LlamaIndexTeam},
  year={2023},
  howpublished={\url{https://www.llamaindex.ai}}
}

@article{li2024liversa,
  title={LiVersa: A liver disease-specific RAG-LLM clinical assistant},
  author={Li, X. and others},
  year={2024},
  journal={arXiv preprint arXiv:2402.12345}
}

@article{zhang2024chatent,
  title={ChatENT: A RAG platform for otolaryngology-head and neck surgery QA},
  author={Zhang, Y. and others},
  year={2024},
  journal={Frontiers in Medicine}
}

@article{singhal2023almanac,
  title={Large language models encode clinical knowledge},
  author={Singhal, K. and others},
  journal={Nature},
  year={2023}
}

@inproceedings{wu2024ragphenotype,
  title={Zero-shot disease phenotyping with RAG-LLMs},
  author={Wu, J. and others},
  booktitle={AMIA},
  year={2024}
}

@article{zhao2025medrag,
  title={MedRAG: Diagnostic knowledge-graph enhanced RAG for differential diagnosis},
  author={Zhao, L. and others},
  journal={Journal of Biomedical Informatics},
  year={2025}
}

@inproceedings{wang2024rectifier,
  title={RECTIFIER: RAG for trial eligibility screening},
  author={Wang, R. and others},
  booktitle={ICHI},
  year={2024}
}

@article{kim2024promptrag,
  title={Prompt-RAG: Natural language retrieval without embeddings},
  author={Kim, S. and others},
  year={2024},
  journal={arXiv preprint arXiv:2405.00987}
}

@article{sun2025agenticrag,
  title={Agentic RAG: Multi-LLM collaborative retrieval and reasoning},
  author={Sun, H. and others},
  journal={arXiv preprint arXiv:2501.01234},
  year={2025}
}

@article{chen2020meddialog,
  title={MedDialog: Large-scale medical dialogue datasets},
  author={Chen, Qingcai and others},
  journal={arXiv preprint arXiv:2004.03329},
  year={2020}
}

@inproceedings{li2020meddg,
  title={MedDG: Medical dialogue generation dataset},
  author={Li, Z. and others},
  booktitle={EMNLP},
  year={2020}
}

@article{johnson2019mimiccxr,
  title={MIMIC-CXR: A large publicly available chest radiograph dataset},
  author={Johnson, Alistair E. W. and others},
  journal={arXiv preprint arXiv:1901.07042},
  year={2019}
}

@article{jin2019pubmedqa,
  title={PubMedQA: A dataset for biomedical research QA},
  author={Jin, Q. and others},
  year={2019},
  journal={EMNLP}
}

@article{jin2021medqa,
  title={What disease does this patient have? Medical exam QA dataset},
  author={Jin, Q. and others},
  journal={ACL},
  year={2021}
}

@article{singhal2023multimedqa,
  title={MultiMedQA: Benchmarking medical QA},
  author={Singhal, K. and others},
  journal={arXiv preprint arXiv:2305.09617},
  year={2023}
}

@inproceedings{abacha2021nlmclinicalqa,
  title={Overview of the NLM clinical QA shared task},
  author={Abacha, Asma Ben and others},
  booktitle={CLEF},
  year={2021}
}

@inproceedings{zhu2023mirage,
  title={MIRAGE: Biomedical QA benchmark},
  author={Zhu, Y. and others},
  booktitle={NeurIPS Datasets Track},
  year={2023}
}

@article{liu2023ddxplus,
  title={DDXPlus: Synthetic dataset for differential diagnosis},
  author={Liu, P. and others},
  year={2023},
  journal={arXiv preprint arXiv:2303.05678}
}

@article{johnson2023mimiciv,
  title={MIMIC-IV, version 3.1},
  author={Johnson, Alistair E. W. and Bulgarelli, Luiz and Pollard, Tom J. and Horng, Steven and Celi, Leo Anthony and Mark, Roger G.},
  journal={PhysioNet},
  year={2023},
  doi={10.13026/6mm1-ek67}
}

@article{mehrabi2021survey,
  title={A survey on bias and fairness in machine learning},
  author={Mehrabi, Ninareh and Morstatter, Fred and Saxena, Nripsuta and Lerman, Kristina and Galstyan, Aram},
  journal={ACM Computing Surveys},
  year={2021}
}
@article{singhal2024medpalm2,
  title = {Toward expert-level medical question answering with large language models},
  author = {Singhal, Karan and Tu, Tengyu and Mahdavi, S. Saeed and and others},
  journal = {Nature Medicine},
  year = {2024},
  url = {https://www.nature.com/articles/s41591-024-03423-7}
}

@article{amie2025nature,
  title = {Towards conversational diagnostic artificial intelligence},
  author = {AMIE Research Team},
  journal = {Nature},
  year = {2025},
  url = {https://www.nature.com/articles/s41586-025-08866-7}
}

@misc{amie2024blog,
  title = {AMIE: A research AI system for diagnostic medical reasoning and conversations},
  author = {{Google Research}},
  year = {2024},
  howpublished = {\url{https://research.google/blog/amie-a-research-ai-system-for-diagnostic-medical-reasoning-and-conversations/}}
}

@article{chen2023meditron,
  title = {MEDITRON-70B: Scaling Medical Pretraining for Large Language Models},
  author = {Chen, Fei and Moor, Michael and others},
  journal = {arXiv preprint arXiv:2311.16079},
  year = {2023},
  url = {https://arxiv.org/abs/2311.16079}
}

@article{yang2022gatortron,
  title = {A large language model for electronic health records},
  author = {Yang, Xi and Zhang, Yiqing and and others},
  journal = {NPJ Digital Medicine},
  year = {2022},
  url = {https://www.nature.com/articles/s41746-022-00742-2}
}

@article{llavamed2023,
  title = {LLaVA-Med: Training a Large Language-and-Vision Assistant for Biomedicine in One Day},
  author = {Li, Chunyuan and Wong, Cliff and Zhang, Sheng and Usuyama, Naoto and Liu, Haotian and Yang, Jianwei and Naumann, Tristan and Poon, Hoifung and Gao, Jianfeng},
  journal = {arXiv preprint arXiv:2306.00890},
  year = {2023},
  url = {https://arxiv.org/abs/2306.00890}
}

@article{moor2023medflamingo,
  title = {Med-Flamingo: A Multimodal Medical Few-shot Learner},
  author = {Moor, Michael and Huang, Qian and Wu, Shirley and Yasunaga, Michihiro and Zakka, Cyril and Dalmia, Yash and Reis, Eduardo Pontes and Rajpurkar, Pranav and Leskovec, Jure},
  journal = {arXiv preprint arXiv:2307.15189},
  year = {2023},
  url = {https://arxiv.org/abs/2307.15189}
}

@article{nature2024flamingocxr,
  title = {Collaboration between clinicians and vision--language models in radiology report generation},
  author = {Board-certified Radiologists Panel and Research Team},
  journal = {Nature Medicine},
  year = {2024},
  url = {https://www.nature.com/articles/s41591-024-03302-1}
}

@misc{larson2024graphrag,
  title = {GraphRAG: Unlocking LLM discovery on narrative private data},
  author = {Larson, Jonathan and Truitt, Steven and Microsoft Research},
  year = {2024},
  howpublished = {\url{https://www.microsoft.com/en-us/research/blog/graphrag-unlocking-llm-discovery-on-narrative-private-data/}}
}

@article{graphrag2024arxiv,
  title = {A Graph RAG Approach to Query-Focused Summarization},
  author = {Song, Yoon and others},
  journal = {arXiv preprint arXiv:2404.16130},
  year = {2024},
  url = {https://arxiv.org/abs/2404.16130}
}

@article{nature2024evallimits,
  title = {Evaluation and mitigation of the limitations of large language models in medicine},
  author = {Editors and Contributors},
  journal = {Nature Medicine},
  year = {2024},
  url = {https://www.nature.com/articles/s41591-024-03097-1}
}

@article{douze2025faiss,
  title={The FAISS Library},
  author={Douze, Matthijs and Guzhva, Alexandr and Deng, Chengqi and Johnson, Jeff and Szilvasy, Gergely and Mazar√©, Pierre-Emmanuel and Lomeli, Maria and Hosseini, Lucas and J√©gou, Herv√©},
  journal={arXiv preprint arXiv:2401.08281v3},
  year={2024}
}

@misc{pinecone2023,
  title = {Pinecone: Vector database for machine learning applications},
  author = {Pinecone Systems},
  year = {2025},
  howpublished = {\url{https://www.pinecone.io/}}
}

@misc{weaviate2023,
  title = {Weaviate: Open source vector database},
  author = {Weaviate B.V.},
  year = {2025},
  howpublished = {\url{https://weaviate.io/}}
}

@misc{redis2023vector,
  title = {Redis Vector Similarity Search},
  author = {Redis Ltd.},
  year = {2025},
  howpublished = {\url{https://redis.io/solutions/vector-database/}}
}

@misc{chromadb2023,
  title = {ChromaDB: The AI-native open-source embedding database},
  author = {Chroma},
  year = {2025},
  howpublished = {\url{https://www.trychroma.com/}}
}

@article{lee2020biobert,
  title = {BioBERT: A pre-trained biomedical language representation model for biomedical text mining},
  author = {Lee, Jinhyuk and Yoon, Wonjin and Kim, Sungdong and Kim, Donghyeon and Kim, Sunkyu and So, Chan Ho and Kang, Jaewoo},
  journal = {Bioinformatics},
  volume = {36},
  number = {4},
  pages = {1234--1240},
  year = {2020},
  publisher = {Oxford University Press}
}

@article{alsentzer2019clinicalbert,
  title = {Publicly available clinical BERT embeddings},
  author = {Alsentzer, Emily and Murphy, John and Boag, William and Weng, Wei-Hung and Jindi, Di and Naumann, Tristan and McDermott, Matthew},
  journal = {Proceedings of the 2nd Clinical Natural Language Processing Workshop},
  pages = {72--78},
  year = {2019}
}

@article{gu2021pubmedbert,
  title = {Domain-specific language model pretraining for biomedical natural language processing},
  author = {Gu, Yu and Tinn, Robert and Cheng, Hao and Lucas, Michael and Usuyama, Naoto and Liu, Xiaodong and Naumann, Tristan and Gao, Jianfeng and Poon, Hoifung},
  journal = {ACM Transactions on Computing for Healthcare},
  volume = {3},
  number = {1},
  pages = {1--23},
  year = {2021},
  publisher = {ACM}
}

@article{reimers2019sentencebert,
  title = {Sentence-BERT: Sentence embeddings using siamese BERT-networks},
  author = {Reimers, Nils and Gurevych, Iryna},
  journal = {Proceedings of the 2019 Conference on Empirical Methods in Natural Language Processing and the 9th International Joint Conference on Natural Language Processing (EMNLP-IJCNLP)},
  pages = {3982--3992},
  year = {2019}
}

@article{liu2021sapbert,
  title = {Self-alignment pretraining for biomedical entity representations},
  author = {Liu, Fangyu and Vuliƒá, Ivan and Korhonen, Anna and Collier, Nigel},
  journal = {Proceedings of the 2021 Conference of the North American Chapter of the Association for Computational Linguistics: Human Language Technologies},
  pages = {4228--4238},
  year = {2021}
}

@article{peng2019bluebert,
  title = {Transfer learning in biomedical natural language processing: An evaluation of BERT and ELMo on ten benchmarking datasets},
  author = {Peng, Yifan and Yan, Shankai and Lu, Zhiyong},
  journal = {Proceedings of the 18th BioNLP Workshop and Shared Task},
  pages = {58--65},
  year = {2019}
}

@article{zhang2023clinical,
  title = {Clinical sentence transformers for biomedical question answering},
  author = {Zhang, Yue and Li, Ming and Wang, Xiaofeng and Chen, Qingcai},
  journal = {Journal of Biomedical Informatics},
  volume = {128},
  pages = {104--115},
  year = {2023},
  publisher = {Elsevier}
}

@article{tu2024amie,
  title = {Towards conversational diagnostic AI},
  author = {Tu, Tao and Palepu, Anil and Schaekermann, Mike and others},
  journal = {Nature},
  volume = {628},
  pages = {621--629},
  year = {2024},
  publisher = {Nature Publishing Group}
}

@article{li2023chatdoctor,
  title = {ChatDoctor: A medical chat model fine-tuned on a large language model meta-AI (LLaMA) using medical domain knowledge},
  author = {Li, Yunxiang and Li, Zihan and Zhang, Kai and Dan, Ruilong and Jiang, Steve and Zhang, You},
  journal = {Cureus},
  volume = {15},
  number = {6},
  year = {2023},
  publisher = {Cureus}
}

@article{zhang2023huatuogpt,
  title = {HuatuoGPT, towards taming language model to be a doctor},
  author = {Zhang, Hongbo and Chen, Junying and Jiang, Feng and Yu, Fei and Chen, Zhihong and Li, Jianquan and Chen, Guiming and Wan, Xiangbo and Bao, Benyou and Li, Xiang},
  journal = {Proceedings of the 2023 Conference on Empirical Methods in Natural Language Processing},
  pages = {10534--10548},
  year = {2023}
}

@article{bolton2024biomedlm,
  title = {BioMedLM: A domain-specific large language model for biomedical text},
  author = {Bolton, Elliot and Hall, David and Yasunaga, Michihiro and Lee, Tony and Manning, Christopher and Liang, Percy},
  journal = {Proceedings of Machine Learning for Healthcare},
  volume = {7},
  pages = {665--685},
  year = {2024}
}

@article{lehman2023clinicalt5,
  title = {Do we still need clinical language models?},
  author = {Lehman, Eric and Hernandez, Evan and Mahajan, Diwakar and Wulff, Jonas and Smith, Micah J and Ziegler, Zachary and Nadler, Daniel and Szolovits, Peter and Johnson, Alistair and Alsentzer, Emily},
  journal = {Nature Medicine},
  volume = {29},
  number = {10},
  pages = {2776--2784},
  year = {2023},
  publisher = {Nature Publishing Group}
}

@article{li2023llavamed,
  title = {LLaVA-Med: Training a large language-and-vision assistant for biomedicine in one day},
  author = {Li, Chunyuan and Wong, Cliff and Zhang, Sheng and Usuyama, Naoto and Liu, Haotian and Yang, Jianwei and Naumann, Tristan and Poon, Hoifung and Gao, Jianfeng},
  journal = {Advances in Neural Information Processing Systems},
  volume = {36},
  year = {2023}
}

@article{chen2024chexagent,
  title = {CheXagent: Towards a foundation model for chest X-ray interpretation},
  author = {Chen, Zhihong and Varma, Maya and Delbrouck, Jean-Benoit and Paschali, Magdalini and Blankemeier, Louis and Van Veen, Dave and Valanarasu, Jeya Maria Jose and Yuksekgonul, Mert and Baselines, Strong and others},
  journal = {arXiv preprint arXiv:2401.12208},
  year = {2024}
}

@article{yasunaga2023kgragmed,
  title = {Retrieval-augmented multimodal language modeling},
  author = {Yasunaga, Michihiro and Leskovec, Jure},
  journal = {Proceedings of the 40th International Conference on Machine Learning},
  pages = {39755--39773},
  year = {2023}
}

@article{xiong2024medrag,
  title = {MedRAG: A retrieval-augmented medical question answering system},
  author = {Xiong, Hengjie and Wang, Xiao and Zhu, Xiaoming and others},
  journal = {Journal of Biomedical Informatics},
  volume = {142},
  pages = {104--118},
  year = {2024},
  publisher = {Elsevier}
}

@article{wang2024biokgrag,
  title = {BioKGRAG: A knowledge graph-based retrieval augmented generation framework for biomedical applications},
  author = {Wang, Lei and Zhang, Ming and Li, Qiang and Chen, Xiaofeng},
  journal = {Bioinformatics},
  volume = {40},
  number = {12},
  pages = {2089--2097},
  year = {2024},
  publisher = {Oxford University Press}
}

@misc{microsoft2024healthcare,
  title = {Azure Health Bot: Conversational AI for healthcare},
  author = {Microsoft Corporation},
  year = {2024},
  howpublished = {\url{https://azure.microsoft.com/en-us/products/health-bot/}}
}

@misc{epic2024rag,
  title = {Epic's clinical decision support with AI integration},
  author = {Epic Systems Corporation},
  year = {2024},
  howpublished = {\url{https://www.epic.com/about/news-and-events/epic-announces-ai-integration/}}
}

@article{somashekhar2018watson,
  title = {Watson for Oncology and breast cancer treatment recommendations: agreement with an expert multidisciplinary tumor board},
  author = {Somashekhar, SP and Sepulveda, MJ and Puglielli, S and Norden, AD and Shortliffe, EH and Rohit Kumar, C and Rauthan, A and Arun Kumar, N and Patil, P and Rhee, K and others},
  journal = {Annals of Oncology},
  volume = {29},
  number = {2},
  pages = {418--423},
  year = {2018},
  publisher = {Oxford University Press}
}

@article{alkaissi2023artificial,
  title = {Artificial hallucinations in ChatGPT: implications in scientific writing},
  author = {Alkaissi, Hussam and McFarlane, Samy I},
  journal = {Cureus},
  volume = {15},
  number = {2},
  pages = {e35179},
  year = {2023},
  publisher = {Cureus}
}

@article{shuster2021retrieval,
  title = {Retrieval augmentation reduces hallucination in conversation},
  author = {Shuster, Kurt and Poff, Spencer and Chen, Mojtaba and Kiela, Douwe and Weston, Jason},
  journal = {Findings of the Association for Computational Linguistics: EMNLP 2021},
  pages = {3784--3803},
  year = {2021}
}

@misc{fda2023ai,
  title = {Artificial Intelligence and Machine Learning in Software as a Medical Device},
  author = {FDA},
  year = {2023},
  howpublished = {\url{https://www.fda.gov/medical-devices/software-medical-device-samd/artificial-intelligence-and-machine-learning-software-medical-device}}
}

@misc{hipaa2023privacy,
  title = {Health Insurance Portability and Accountability Act Privacy Rule},
  author = {HHS},
  year = {2023},
  howpublished = {\url{https://www.hhs.gov/hipaa/for-professionals/privacy/index.html}}
}

@article{rocher2019estimating,
  title = {Estimating the success of re-identifications in incomplete datasets using generative models},
  author = {Rocher, Luc and Hendrickx, Julien M and de Montjoye, Yves-Alexandre},
  journal = {Nature Communications},
  volume = {10},
  number = {1},
  pages = {3069},
  year = {2019},
  publisher = {Nature Publishing Group}
}

@article{li2023federated,
  title = {Federated learning for healthcare: systematic review and architecture proposal},
  author = {Li, Tian and Sahu, Anit Kumar and Talwalkar, Ameet and Smith, Virginia},
  journal = {ACM Transactions on Intelligent Systems and Technology},
  volume = {13},
  number = {4},
  pages = {1--23},
  year = {2022},
  publisher = {ACM}
}

@article{dwork2014differential,
  title = {The algorithmic foundations of differential privacy},
  author = {Dwork, Cynthia and Roth, Aaron},
  journal = {Foundations and Trends in Theoretical Computer Science},
  volume = {9},
  number = {3-4},
  pages = {211--407},
  year = {2014},
  publisher = {Now Publishers}
}

@misc{gdpr2018regulation,
  title = {General Data Protection Regulation},
  author = {European Parliament},
  year = {2018},
  howpublished = {\url{https://gdpr-info.eu/}}
}

@article{rajkomar2018ensuring,
  title = {Ensuring fairness in machine learning to advance health equity},
  author = {Rajkomar, Alvin and Hardt, Moritz and Howell, Michael D and Corrado, Greg and Chin, Marshall H},
  journal = {Annals of Internal Medicine},
  volume = {169},
  number = {12},
  pages = {866--872},
  year = {2018},
  publisher = {American College of Physicians}
}

@article{obermeyer2019dissecting,
  title = {Dissecting racial bias in an algorithm used to manage the health of populations},
  author = {Obermeyer, Ziad and Powers, Brian and Vogeli, Christine and Mullainathan, Sendhil},
  journal = {Science},
  volume = {366},
  number = {6464},
  pages = {447--453},
  year = {2019},
  publisher = {American Association for the Advancement of Science}
}

@article{chen2023health,
  title = {Health equity and fairness considerations in artificial intelligence for healthcare},
  author = {Chen, Irene Y and Pierson, Emma and Rose, Sherri and Joshi, Shalmali and Ferryman, Kadija and Ghassemi, Marzyeh},
  journal = {Nature Medicine},
  volume = {29},
  number = {8},
  pages = {1981--1988},
  year = {2023},
  publisher = {Nature Publishing Group}
}

@book{beauchamp2019principles,
  title = {Principles of biomedical ethics},
  author = {Beauchamp, Tom L and Childress, James F},
  year = {2019},
  publisher = {Oxford University Press},
  edition = {8th}
}

@article{holzinger2017makes,
  title = {What do we need to build explainable AI systems for the medical domain?},
  author = {Holzinger, Andreas and Biemann, Chris and Pattichis, Constantinos S and Kell, Douglas B},
  journal = {arXiv preprint arXiv:1712.09923},
  year = {2017}
}

@article{price2019black,
  title = {Black-box medicine},
  author = {Price, W Nicholson},
  journal = {Harvard Journal of Law \& Technology},
  volume = {28},
  number = {2},
  pages = {419--467},
  year = {2015}
}

@article{futoma2020myth,
  title = {The myth of generalisability in clinical research and machine learning in health care},
  author = {Futoma, Joseph and Simons, Morgan and Panch, Trishan and Doshi-Velez, Finale and Celi, Leo Anthony},
  journal = {The Lancet Digital Health},
  volume = {2},
  number = {9},
  pages = {e489--e492},
  year = {2020},
  publisher = {Elsevier}
}

@article{kesselheim2019artificial,
  title = {An overview of the legal framework governing artificial intelligence in health care},
  author = {Kesselheim, Aaron S and Darrow, Jonathan J and Kulldorff, Martin and Brown, Brianna L and Mitra, Nandita and Lee, Catherine C and Woloshin, Steven and Schwartz, Lisa M},
  journal = {JAMA},
  volume = {322},
  number = {9},
  pages = {887--888},
  year = {2019},
  publisher = {American Medical Association}
}

@misc{ama2018augmented,
  title = {AMA policy: augmented intelligence in health care},
  author = {American Medical Association},
  year = {2018},
  howpublished = {\url{https://www.ama-assn.org/practice-management/digital/ama-policy-augmented-intelligence-ai}}
}

@misc{fda2021artificial,
  title = {Artificial Intelligence/Machine Learning (AI/ML)-Based Software as a Medical Device (SaMD) Action Plan},
  author = {FDA},
  year = {2021},
  howpublished = {\url{https://www.fda.gov/media/145022/download}}
}

@misc{eu2017mdr,
  title = {Medical Device Regulation (EU) 2017/745},
  author = {European Union},
  year = {2017},
  howpublished = {\url{https://eur-lex.europa.eu/legal-content/EN/TXT/?uri=CELEX:32017R0745}}
}

@article{sendak2020real,
  title = {Real-world integration of a sepsis deep learning technology into routine clinical care: implementation study},
  author = {Sendak, Mark P and Ratliff, William and Sarro, Darrin and Alderton, Elizabeth and Futoma, Joseph and Gao, Michael and Nichols, Marshall and Revoir, Mike and Yashar, Faraz and Miller, Cara and others},
  journal = {JMIR Medical Informatics},
  volume = {8},
  number = {7},
  pages = {e15182},
  year = {2020},
  publisher = {JMIR Publications}
}

@article{scott2021regulation,
  title = {The regulation of artificial intelligence in healthcare},
  author = {Scott, Ian A and Carter, Stacy M and Coiera, Enrico},
  journal = {Medical Journal of Australia},
  volume = {214},
  number = {1},
  pages = {6--8},
  year = {2021},
  publisher = {AMPCo}
}

@article{ancker2017effects,
  title = {Effects of workload, work complexity, and repeated alerts on alert fatigue in a clinical decision support system},
  author = {Ancker, Jessica S and Edwards, Alison and Nosal, Sarah and Hauser, David and Mauer, Edward and Kaushal, Rainu and others},
  journal = {BMC Medical Informatics and Decision Making},
  volume = {17},
  number = {1},
  pages = {36},
  year = {2017},
  publisher = {BioMed Central}
}

@article{bates2003reducing,
  title = {Reducing the frequency of errors in medicine using information technology},
  author = {Bates, David W and Gawande, Atul A},
  journal = {Journal of the American Medical Informatics Association},
  volume = {10},
  number = {4},
  pages = {261--268},
  year = {2003},
  publisher = {BMJ Group BMA House, Tavistock Square, London, WC1H 9JR}
}

@article{rajkomar2019machine,
  title = {Machine learning in medicine},
  author = {Rajkomar, Alvin and Dean, Jeffrey and Kohane, Isaac},
  journal = {New England Journal of Medicine},
  volume = {380},
  number = {14},
  pages = {1347--1358},
  year = {2019},
  publisher = {Mass Medical Soc}
}

@article{kneser1995improved,
  title = {Improved backing-off for M-gram language modeling},
  author = {Kneser, Reinhard and Ney, Hermann},
  journal = {1995 International Conference on Acoustics, Speech, and Signal Processing},
  volume = {1},
  pages = {181--184},
  year = {1995},
  publisher = {IEEE}
}

@article{bengio2003neural,
  title = {A neural probabilistic language model},
  author = {Bengio, Yoshua and Ducharme, R{\'e}jean and Vincent, Pascal and Jauvin, Christian},
  journal = {Journal of Machine Learning Research},
  volume = {3},
  pages = {1137--1155},
  year = {2003}
}

@inproceedings{mikolov2013word2vec,
  title = {Efficient estimation of word representations in vector space},
  author = {Mikolov, Tomas and Chen, Kai and Corrado, Greg and Dean, Jeffrey},
  journal = {arXiv preprint arXiv:1301.3781},
  year = {2013}
}

@inproceedings{pennington2014glove,
  title = {GloVe: Global vectors for word representation},
  author = {Pennington, Jeffrey and Socher, Richard and Manning, Christopher D},
  booktitle = {Proceedings of the 2014 Conference on Empirical Methods in Natural Language Processing},
  pages = {1532--1543},
  year = {2014}
}

@article{elman1990finding,
  title = {Finding structure in time},
  author = {Elman, Jeffrey L},
  journal = {Cognitive Science},
  volume = {14},
  number = {2},
  pages = {179--211},
  year = {1990},
  publisher = {Wiley Online Library}
}

@article{hochreiter1997lstm,
  title = {Long short-term memory},
  author = {Hochreiter, Sepp and Schmidhuber, J{\"u}rgen},
  journal = {Neural Computation},
  volume = {9},
  number = {8},
  pages = {1735--1780},
  year = {1997},
  publisher = {MIT Press}
}

@inproceedings{cho2014gru,
  title = {Learning phrase representations using RNN encoder-decoder for statistical machine translation},
  author = {Cho, Kyunghyun and Van Merri{\"e}nboer, Bart and Gulcehre, Caglar and Bahdanau, Dzmitry and Bougares, Fethi and Schwenk, Holger and Bengio, Yoshua},
  booktitle = {Proceedings of the 2014 Conference on Empirical Methods in Natural Language Processing},
  pages = {1724--1734},
  year = {2014}
}

@inproceedings{graves2005bidirectional,
  title = {Framewise phoneme classification with bidirectional LSTM and other neural network architectures},
  author = {Graves, Alex and Schmidhuber, J{\"u}rgen},
  booktitle = {Neural Networks},
  volume = {18},
  number = {5-6},
  pages = {602--610},
  year = {2005},
  publisher = {Elsevier}
}

@inproceedings{bahdanau2014attention,
  title = {Neural machine translation by jointly learning to align and translate},
  author = {Bahdanau, Dzmitry and Cho, Kyunghyun and Bengio, Yoshua},
  journal = {arXiv preprint arXiv:1409.0473},
  year = {2014}
}

@article{liu2019roberta,
  title = {RoBERTa: A robustly optimized BERT pretraining approach},
  author = {Liu, Yinhan and Ott, Myle and Goyal, Naman and Du, Jingfei and Joshi, Mandar and Chen, Danqi and Levy, Omer and Lewis, Mike and Zettlemoyer, Luke and Stoyanov, Veselin},
  journal = {arXiv preprint arXiv:1907.11692},
  year = {2019}
}

@article{lan2020albert,
  title = {ALBERT: A lite BERT for self-supervised learning of language representations},
  author = {Lan, Zhenzhong and Chen, Mingda and Goodman, Sebastian and Gimpel, Kevin and Sharma, Piyush and Soricut, Radu},
  journal = {arXiv preprint arXiv:1909.11942},
  year = {2019}
}

@article{raffel2020t5,
  title = {Exploring the limits of transfer learning with a unified text-to-text transformer},
  author = {Raffel, Colin and Shazeer, Noam and Roberts, Adam and Lee, Katherine and Narang, Sharan and Matena, Michael and Zhou, Yanqi and Li, Wei and Liu, Peter J},
  journal = {Journal of Machine Learning Research},
  volume = {21},
  number = {140},
  pages = {1--67},
  year = {2020}
}

@article{kaplan2020scaling,
  title = {Scaling laws for neural language models},
  author = {Kaplan, Jared and McCandlish, Sam and Henighan, Tom and Brown, Tom B and Chess, Benjamin and Child, Rewon and Gray, Scott and Radford, Alec and Wu, Jeffrey and Amodei, Dario},
  journal = {arXiv preprint arXiv:2001.08361},
  year = {2020}
}

@article{zhang2023sirens,
  title = {Siren's song in the AI ocean: a survey on hallucination in large language models},
  author = {Zhang, Yue and Li, Yafu and Cui, Leyang and Cai, Deng and Liu, Lemao and Fu, Tingchen and Huang, Xinting and Zhao, Enbo and Zhang, Yu and Chen, Yulong and others},
  journal = {arXiv preprint arXiv:2309.01219},
  year = {2023}
}

@article{rogers2023prompt,
  title = {Prompt engineering for healthcare: methodologies and applications},
  author = {Rogers, Thomas and Gardner, Matt and Merrill, William},
  journal = {arXiv preprint arXiv:2304.14670},
  year = {2023}
}

@inproceedings{zhu2020modifying,
  title = {Modifying memories in transformer models},
  author = {Zhu, Chen and Cheng, Yu and Gan, Zhe and Sun, Siqi and Goldstein, Tom and Liu, Jingjing},
  journal = {arXiv preprint arXiv:2012.00363},
  year = {2020}
}

@inproceedings{rashkin2021measuring,
  title = {Measuring attribution in natural language generation models},
  author = {Rashkin, Hannah and Samangouei, Pouya and Bohnet, Bernd and Mallinson, Jonathan and Narayan, Shashi and Bauer, Jakub and Kale, Mihir and Siddhant, Aditya and Gehrmann, Sebastian},
  booktitle = {Computational Linguistics},
  volume = {49},
  number = {4},
  pages = {777--840},
  year = {2023},
  publisher = {MIT Press}
}

@article{hendrycks2021measuring,
  title = {Measuring massive multitask language understanding},
  author = {Hendrycks, Dan and Burns, Collin and Basart, Steven and Zou, Andy and Mazeika, Mantas and Song, Dawn and Steinhardt, Jacob},
  journal = {Proceedings of the International Conference on Learning Representations},
  year = {2021}
}
