% Bibliography file for Chapter 4: Results and Discussion  
% Add results and evaluation references here

@misc{example_results_ref,
  title={Example Results Reference},
  author={Author, Name},
  year={2024},
  note={Replace with actual evaluation and results references}
}
